<?xml version="1.0" encoding="UTF-8"?>
<!DOCTYPE html PUBLIC "-//W3C//DTD XHTML 1.0 Transitional//EN"
    "http://www.w3.org/TR/xhtml1/DTD/xhtml1-transitional.dtd">
<html xmlns="http://www.w3.org/1999/xhtml" xml:lang="en" lang="en">
 <head>
  <title>
</title>
<meta http-equiv="Content-Type" content="text/html;charset=utf-8" />
  <meta name='ocr-system' content='tesseract 3.04.00' />
  <meta name='ocr-capabilities' content='ocr_page ocr_carea ocr_par ocr_line ocrx_word'/>
</head>
<body>
  <div class='ocr_page' id='page_1' title='image "./quatreharangues00demogoog_0090.png"; bbox 0 0 3036 4522; ppageno 0'>
   <div class='ocr_carea' id='block_1_1' title="bbox 599 256 1276 314">
    <p class='ocr_par' dir='ltr' id='par_1_1' title="bbox 599 256 1276 314">
     <span class='ocr_line' id='line_1_1' title="bbox 599 256 1276 314; baseline 0.006 -4"><span class='ocrx_word' id='word_1_1' title='bbox 599 256 850 313; x_wconf 81' lang='grc' dir='ltr'><em>ΟΛΥΝΘΙΑΚΟΣ</em></span> <span class='ocrx_word' id='word_1_2' title='bbox 867 259 901 311; x_wconf 85' lang='grc' dir='ltr'>Α.</span> <span class='ocrx_word' id='word_1_3' title='bbox 1231 263 1276 314; x_wconf 73' lang='lat'>⁶77</span> 
     </span>
    </p>
   </div>
   <div class='ocr_carea' id='block_1_2' title="bbox 121 368 1408 1745">
    <p class='ocr_par' dir='ltr' id='par_1_2' title="bbox 121 368 1408 1745">
     <span class='ocr_line' id='line_1_2' title="bbox 215 368 1275 478; baseline 0.003 -28"><span class='ocrx_word' id='word_1_4' title='bbox 215 386 387 474; x_wconf 76' lang='grc' dir='ltr'><em>φανῶμεν</em></span> <span class='ocrx_word' id='word_1_5' title='bbox 402 368 700 475; x_wconf 68' lang='grc' dir='ltr'><strong><em>ἐρρᾳθυμηκότες</em></strong></span> <span class='ocrx_word' id='word_1_6' title='bbox 713 384 735 467; x_wconf 73' lang='lat'>1,</span> <span class='ocrx_word' id='word_1_7' title='bbox 759 381 820 453; x_wconf 90' lang='grc' dir='ltr'><em>καί</em></span> <span class='ocrx_word' id='word_1_8' title='bbox 841 382 979 454; x_wconf 86' lang='grc' dir='ltr'><em>ἅπαντα</em></span> <span class='ocrx_word' id='word_1_9' title='bbox 998 381 1092 477; x_wconf 83' lang='grc' dir='ltr'><em>πρὸς</em></span> <span class='ocrx_word' id='word_1_10' title='bbox 1111 381 1275 478; x_wconf 55' lang='grc' dir='ltr'><em>ἡθονὴνῖ</em></span> 
     </span>
     <span class='ocr_line' id='line_1_3' title="bbox 216 494 1277 593; baseline 0.005 -28"><span class='ocrx_word' id='word_1_11' title='bbox 216 495 405 590; x_wconf 83' lang='grc' dir='ltr'><em>ζητοῦντες</em></span> <span class='ocrx_word' id='word_1_12' title='bbox 441 494 556 567; x_wconf 86' lang='grc' dir='ltr'><em>πολλὰ</em></span> <span class='ocrx_word' id='word_1_13' title='bbox 594 495 655 567; x_wconf 85' lang='grc' dir='ltr'>καὶ</span> <span class='ocrx_word' id='word_1_14' title='bbox 689 496 827 591; x_wconf 88' lang='grc' dir='ltr'><em>χαλεπά</em></span> <span class='ocrx_word' id='word_1_15' title='bbox 861 496 912 568; x_wconf 86' lang='grc' dir='ltr'><em>ῶν</em></span> <span class='ocrx_word' id='word_1_16' title='bbox 944 497 1013 569; x_wconf 83' lang='grc' dir='ltr'><em>οὐκ</em></span> <span class='ocrx_word' id='word_1_17' title='bbox 1045 497 1277 593; x_wconf 80' lang='grc' dir='ltr'><em>ἐβουλόμεθα</em></span> 
     </span>
     <span class='ocr_line' id='line_1_4' title="bbox 215 609 1277 706; baseline 0.004 -25"><span class='ocrx_word' id='word_1_18' title='bbox 215 610 363 705; x_wconf 79' lang='grc' dir='ltr'><em>ὕστερον</em></span> <span class='ocrx_word' id='word_1_19' title='bbox 386 613 437 693; x_wconf 90' lang='grc' dir='ltr'><em>εἰς</em></span> <span class='ocrx_word' id='word_1_20' title='bbox 453 609 618 706; x_wconf 85' lang='grc' dir='ltr'><em>ἀνάγκην</em></span> <span class='ocrx_word' id='word_1_21' title='bbox 637 611 802 706; x_wconf 82' lang='grc' dir='ltr'><em>ἔλθωμεν</em></span> <span class='ocrx_word' id='word_1_22' title='bbox 820 621 935 684; x_wconf 80' lang='grc' dir='ltr'><em>ποιεῖν</em></span> <span class='ocrx_word' id='word_1_23' title='bbox 948 616 971 700; x_wconf 82' lang='lat'>³,</span> <span class='ocrx_word' id='word_1_24' title='bbox 1004 613 1066 685; x_wconf 81' lang='grc' dir='ltr'>καὶ</span> <span class='ocrx_word' id='word_1_25' title='bbox 1094 611 1277 685; x_wconf 77' lang='grc' dir='ltr'><em>κινδυνεύ-</em></span> 
     </span>
     <span class='ocr_line' id='line_1_5' title="bbox 121 725 1408 823; baseline 0.005 -28"><span class='ocrx_word' id='word_1_26' title='bbox 121 766 123 773; x_wconf 38' lang='lat' dir='ltr'>s</span> <span class='ocrx_word' id='word_1_27' title='bbox 215 749 335 820; x_wconf 84' lang='grc' dir='ltr'><em>σωμεν</em></span> <span class='ocrx_word' id='word_1_28' title='bbox 351 725 433 819; x_wconf 85' lang='grc' dir='ltr'><em>περὶ</em></span> <span class='ocrx_word' id='word_1_29' title='bbox 450 733 520 797; x_wconf 94' lang='grc' dir='ltr'><em>τῶν</em></span> <span class='ocrx_word' id='word_1_30' title='bbox 535 727 574 797; x_wconf 83' lang='grc' dir='ltr'><em>ἐν</em></span> <span class='ocrx_word' id='word_1_31' title='bbox 590 727 680 822; x_wconf 78' lang='grc' dir='ltr'><em>αὐτῇ</em></span> <span class='ocrx_word' id='word_1_32' title='bbox 697 734 741 822; x_wconf 83' lang='grc' dir='ltr'>τῇ</span> <span class='ocrx_word' id='word_1_33' title='bbox 758 727 870 823; x_wconf 81' lang='grc' dir='ltr'><em>χώρᾳ.</em></span> <span class='ocrx_word' id='word_1_34' title='bbox 1406 819 1408 823; x_wconf 20' lang='lat'><strong><em>¹</em></strong></span> 
     </span>
     <span class='ocr_line' id='line_1_6' title="bbox 266 838 1328 938; baseline 0.002 -27"><span class='ocrx_word' id='word_1_35' title='bbox 266 839 315 911; x_wconf 87' lang='grc' dir='ltr'>Τὸ</span> <span class='ocrx_word' id='word_1_36' title='bbox 334 838 428 935; x_wconf 66' lang='grc' dir='ltr'>μὲν4</span> <span class='ocrx_word' id='word_1_37' title='bbox 448 840 514 912; x_wconf 84' lang='grc' dir='ltr'>οὗν</span> <span class='ocrx_word' id='word_1_38' title='bbox 531 842 692 936; x_wconf 80' lang='grc' dir='ltr'><em>ἐπιτιμᾶν</em></span> <span class='ocrx_word' id='word_1_39' title='bbox 708 844 794 924; x_wconf 85' lang='grc' dir='ltr'><em>ἴσως</em></span> <span class='ocrx_word' id='word_1_40' title='bbox 810 842 924 938; x_wconf 86' lang='grc' dir='ltr'><em>φήσαι</em></span> <span class='ocrx_word' id='word_1_41' title='bbox 947 870 998 925; x_wconf 88' lang='grc' dir='ltr'>τις</span> <span class='ocrx_word' id='word_1_42' title='bbox 1013 845 1058 915; x_wconf 83' lang='grc' dir='ltr'><em>ἂν</em></span> <span class='ocrx_word' id='word_1_43' title='bbox 1073 841 1200 938; x_wconf 79' lang='grc' dir='ltr'><em>ῥᾴδιον</em></span> <span class='ocrx_word' id='word_1_44' title='bbox 1217 842 1279 915; x_wconf 88' lang='grc' dir='ltr'>καὶ</span> <span class='ocrx_word' id='word_1_45' title='bbox 1297 854 1328 902; x_wconf 77' lang='lat'>1⁶</span> 
     </span>
     <span class='ocr_line' id='line_1_7' title="bbox 214 954 1284 1053; baseline 0.002 -27"><span class='ocrx_word' id='word_1_46' title='bbox 214 955 348 1038; x_wconf 85' lang='grc' dir='ltr'><em>παντὸς</em></span> <span class='ocrx_word' id='word_1_47' title='bbox 376 956 501 1045; x_wconf 56' lang='grc' dir='ltr'><em>ελναιὸ,</em></span> <span class='ocrx_word' id='word_1_48' title='bbox 535 955 576 1028; x_wconf 86' lang='grc' dir='ltr'>τὸ</span> <span class='ocrx_word' id='word_1_49' title='bbox 607 957 639 1027; x_wconf 81' lang='grc' dir='ltr'>θ’</span> <span class='ocrx_word' id='word_1_50' title='bbox 668 954 759 1053; x_wconf 80' lang='grc' dir='ltr'><em>ὑπὲρ</em></span> <span class='ocrx_word' id='word_1_51' title='bbox 792 965 863 1029; x_wconf 89' lang='grc' dir='ltr'><em>τῶν</em></span> <span class='ocrx_word' id='word_1_52' title='bbox 893 958 1138 1052; x_wconf 78' lang='grc' dir='ltr'><em>παρόντωνὸ</em></span> <span class='ocrx_word' id='word_1_53' title='bbox 1169 958 1284 1030; x_wconf 79' lang='grc' dir='ltr'><em>τιθεῖ</em></span> 
     </span>
     <span class='ocr_line' id='line_1_8' title="bbox 215 1070 1278 1170; baseline 0.003 -28"><span class='ocrx_word' id='word_1_54' title='bbox 215 1070 379 1166; x_wconf 84' lang='grc' dir='ltr'><em>πράττειν</em></span> <span class='ocrx_word' id='word_1_55' title='bbox 403 1072 678 1167; x_wconf 86' lang='grc' dir='ltr'><em>ἀποφαίνεσθαι,</em></span> <span class='ocrx_word' id='word_1_56' title='bbox 706 1073 822 1146; x_wconf 81' lang='grc' dir='ltr'>τοῦτ’6</span> <span class='ocrx_word' id='word_1_57' title='bbox 842 1074 930 1146; x_wconf 81' lang='grc' dir='ltr'><em>εἶναι</em></span> <span class='ocrx_word' id='word_1_58' title='bbox 947 1073 1169 1170; x_wconf 80' lang='grc' dir='ltr'><em>συμβούλου.</em></span> <span class='ocrx_word' id='word_1_59' title='bbox 1184 1072 1278 1169; x_wconf 84' lang='grc' dir='ltr'>Ἐγὼ</span> 
     </span>
     <span class='ocr_line' id='line_1_9' title="bbox 216 1185 1279 1285; baseline 0.003 -28"><span class='ocrx_word' id='word_1_60' title='bbox 216 1185 246 1257; x_wconf 81' lang='grc' dir='ltr'>θ’</span> <span class='ocrx_word' id='word_1_61' title='bbox 275 1187 344 1260; x_wconf 81' lang='grc' dir='ltr'><em>οὐκ</em></span> <span class='ocrx_word' id='word_1_62' title='bbox 374 1189 498 1284; x_wconf 85' lang='grc' dir='ltr'><em>ἀγνοῶ</em></span> <span class='ocrx_word' id='word_1_63' title='bbox 526 1187 602 1283; x_wconf 81' lang='grc' dir='ltr'><em>μὲν,</em></span> <span class='ocrx_word' id='word_1_64' title='bbox 636 1187 665 1260; x_wconf 88' lang='grc' dir='ltr'><em>ῶ</em></span> <span class='ocrx_word' id='word_1_65' title='bbox 693 1189 822 1283; x_wconf 80' lang='grc' dir='ltr'><em>ἄνδρες</em></span> <span class='ocrx_word' id='word_1_66' title='bbox 846 1187 1051 1285; x_wconf 75' lang='grc' dir='ltr'><em>Ἀθηναῖοι,</em></span> <span class='ocrx_word' id='word_1_67' title='bbox 1082 1188 1194 1276; x_wconf 81' lang='grc' dir='ltr'><em>τοῦθ’,</em></span> <span class='ocrx_word' id='word_1_68' title='bbox 1227 1190 1279 1260; x_wconf 87' lang='grc' dir='ltr'>ὅτι</span> 
     </span>
     <span class='ocr_line' id='line_1_10' title="bbox 215 1301 1279 1398; baseline 0.003 -25"><span class='ocrx_word' id='word_1_69' title='bbox 215 1301 387 1384; x_wconf 78' lang='grc' dir='ltr'><em>πολλάκις</em></span> <span class='ocrx_word' id='word_1_70' title='bbox 401 1303 503 1398; x_wconf 80' lang='grc' dir='ltr'><em>ὑμεῖς</em></span> <span class='ocrx_word' id='word_1_71' title='bbox 530 1302 683 1386; x_wconf 81' lang='grc' dir='ltr'><em>αὐτοὺς</em></span> <span class='ocrx_word' id='word_1_72' title='bbox 709 1304 852 1391; x_wconf 89' lang='grc' dir='ltr'><em>αἰτίους,</em></span> <span class='ocrx_word' id='word_1_73' title='bbox 884 1303 973 1378; x_wconf 85' lang='grc' dir='ltr'><em>ἀλλὰ</em></span> <span class='ocrx_word' id='word_1_74' title='bbox 998 1304 1082 1387; x_wconf 78' lang='grc' dir='ltr'><em>τοὺς</em></span> <span class='ocrx_word' id='word_1_75' title='bbox 1107 1303 1279 1385; x_wconf 80' lang='grc' dir='ltr'><em>ὑστάτους</em></span> 
     </span>
     <span class='ocr_line' id='line_1_11' title="bbox 214 1417 1279 1516; baseline 0.002 -28"><span class='ocrx_word' id='word_1_76' title='bbox 214 1417 296 1512; x_wconf 87' lang='grc' dir='ltr'><em>περὶ</em></span> <span class='ocrx_word' id='word_1_77' title='bbox 312 1425 384 1489; x_wconf 88' lang='grc' dir='ltr'><em>τῶν</em></span> <span class='ocrx_word' id='word_1_78' title='bbox 398 1419 623 1514; x_wconf 82' lang='grc' dir='ltr'><em>πραγμάτων</em></span> <span class='ocrx_word' id='word_1_79' title='bbox 638 1419 803 1502; x_wconf 86' lang='grc' dir='ltr'><em>εἰπόντας</em></span> <span class='ocrx_word' id='word_1_80' title='bbox 827 1421 866 1491; x_wconf 84' lang='grc' dir='ltr'><em>ἐν</em></span> <span class='ocrx_word' id='word_1_81' title='bbox 891 1422 987 1516; x_wconf 81' lang='grc' dir='ltr'><em>ὀργῇ</em></span> <span class='ocrx_word' id='word_1_82' title='bbox 1004 1420 1167 1492; x_wconf 72' lang='grc' dir='ltr'><em>ποιεῖσθε</em></span> <span class='ocrx_word' id='word_1_83' title='bbox 1180 1423 1203 1506; x_wconf 86' lang='lat'>⁷,</span> <span class='ocrx_word' id='word_1_84' title='bbox 1234 1420 1279 1490; x_wconf 88' lang='grc' dir='ltr'><em>άν</em></span> 
     </span>
     <span class='ocr_line' id='line_1_12' title="bbox 215 1532 1279 1631; baseline 0.001 -27"><span class='ocrx_word' id='word_1_85' title='bbox 215 1559 245 1604; x_wconf 92' lang='grc' dir='ltr'>τι</span> <span class='ocrx_word' id='word_1_86' title='bbox 269 1532 321 1629; x_wconf 85' lang='grc' dir='ltr'><em>μὴ</em></span> <span class='ocrx_word' id='word_1_87' title='bbox 345 1533 435 1606; x_wconf 87' lang='grc' dir='ltr'><em>κατά</em></span> <span class='ocrx_word' id='word_1_88' title='bbox 454 1533 603 1630; x_wconf 89' lang='grc' dir='ltr'><em>γνώμην</em></span> <span class='ocrx_word' id='word_1_89' title='bbox 619 1534 714 1631; x_wconf 79' lang='grc' dir='ltr'><em>ἐκβῇ</em></span> <span class='ocrx_word' id='word_1_90' title='bbox 723 1559 730 1574; x_wconf 88' lang='grc'><em>·</em></span> <span class='ocrx_word' id='word_1_91' title='bbox 749 1536 794 1607; x_wconf 80' lang='grc' dir='ltr'><em>οὐ</em></span> <span class='ocrx_word' id='word_1_92' title='bbox 810 1535 884 1631; x_wconf 83' lang='grc' dir='ltr'>μὴν</span> <span class='ocrx_word' id='word_1_93' title='bbox 900 1536 999 1630; x_wconf 79' lang='grc' dir='ltr'><em>οἶμαι</em></span> <span class='ocrx_word' id='word_1_94' title='bbox 1015 1535 1089 1607; x_wconf 82' lang='grc' dir='ltr'><em>θεῖν</em></span> <span class='ocrx_word' id='word_1_95' title='bbox 1104 1535 1169 1630; x_wconf 84' lang='grc' dir='ltr'><em>τὴν</em></span> <span class='ocrx_word' id='word_1_96' title='bbox 1185 1535 1279 1606; x_wconf 80' lang='grc' dir='ltr'><em>ἰδίαν</em></span> 
     </span>
     <span class='ocr_line' id='line_1_13' title="bbox 215 1648 1279 1745; baseline 0.001 -25"><span class='ocrx_word' id='word_1_97' title='bbox 215 1648 411 1744; x_wconf 86' lang='grc' dir='ltr'><em>ἀσφάλειαν</em></span> <span class='ocrx_word' id='word_1_98' title='bbox 436 1649 638 1722; x_wconf 82' lang='grc' dir='ltr'><em>σκοποῦνθ’</em></span> <span class='ocrx_word' id='word_1_99' title='bbox 667 1650 970 1723; x_wconf 80' lang='grc' dir='ltr'>ὑποστείλασθαι8</span> <span class='ocrx_word' id='word_1_100' title='bbox 1003 1652 1084 1745; x_wconf 88' lang='grc' dir='ltr'><em>περὶ</em></span> <span class='ocrx_word' id='word_1_101' title='bbox 1112 1650 1164 1722; x_wconf 88' lang='grc' dir='ltr'><em>ῶν</em></span> <span class='ocrx_word' id='word_1_102' title='bbox 1194 1650 1279 1744; x_wconf 79' lang='grc' dir='ltr'><em>ὑμῖν</em></span> 
     </span>
    </p>
   </div>
   <div class='ocr_carea' id='block_1_3' title="bbox 211 1869 1279 3746">
    <p class='ocr_par' dir='ltr' id='par_1_3' title="bbox 214 1869 1278 2348">
     <span class='ocr_line' id='line_1_14' title="bbox 250 1869 1278 1939; baseline 0.003 -17"><span class='ocrx_word' id='word_1_103' title='bbox 250 1871 273 1925; x_wconf 92' lang='grc' dir='ltr'>Ι.</span> <span class='ocrx_word' id='word_1_104' title='bbox 288 1869 348 1922; x_wconf 82' lang='grc' dir='ltr'>Ἐπὶ</span> <span class='ocrx_word' id='word_1_105' title='bbox 365 1869 457 1937; x_wconf 78' lang='grc' dir='ltr'><em>πολλῷ</em></span> <span class='ocrx_word' id='word_1_106' title='bbox 472 1875 600 1937; x_wconf 82' lang='grc' dir='ltr'><em>φανῶμεν</em></span> <span class='ocrx_word' id='word_1_107' title='bbox 619 1871 856 1939; x_wconf 73' lang='grc' dir='ltr'><em>ε’ρρᾳθυμηκάτεςτ</em></span> <span class='ocrx_word' id='word_1_108' title='bbox 877 1889 928 1937; x_wconf 88' lang='lat' dir='ltr'>que</span> <span class='ocrx_word' id='word_1_109' title='bbox 948 1889 1015 1925; x_wconf 87' lang='lat' dir='ltr'>nous</span> <span class='ocrx_word' id='word_1_110' title='bbox 1034 1874 1197 1925; x_wconf 73' lang='lat' dir='ltr'>n’soheoions</span> <span class='ocrx_word' id='word_1_111' title='bbox 1216 1874 1278 1925; x_wconf 83' lang='lat' dir='ltr'>oher</span> 
     </span>
     <span class='ocr_line' id='line_1_15' title="bbox 214 1953 1278 2020; baseline 0.002 -17"><span class='ocrx_word' id='word_1_112' title='bbox 214 1957 290 2005; x_wconf 78' lang='lat' dir='ltr'>noire</span> <span class='ocrx_word' id='word_1_113' title='bbox 308 1955 454 2005; x_wconf 78' lang='lat' dir='ltr'>indolence.</span> <span class='ocrx_word' id='word_1_114' title='bbox 467 1955 516 2005; x_wconf 85' lang='lat' dir='ltr'>Les</span> <span class='ocrx_word' id='word_1_115' title='bbox 528 1953 675 2005; x_wconf 66' lang='lat' dir='ltr'>Atheniens</span> <span class='ocrx_word' id='word_1_116' title='bbox 693 1957 865 2006; x_wconf 79' lang='lat' dir='ltr'>ressemblenl</span> <span class='ocrx_word' id='word_1_117' title='bbox 883 1956 952 2007; x_wconf 67' lang='lat' dir='ltr'>sees</span> <span class='ocrx_word' id='word_1_118' title='bbox 963 1956 1135 2020; x_wconf 76' lang='lat' dir='ltr'>dissipsteurs</span> <span class='ocrx_word' id='word_1_119' title='bbox 1145 1957 1200 2019; x_wconf 87' lang='lat' dir='ltr'>qni,</span> <span class='ocrx_word' id='word_1_120' title='bbox 1211 1970 1278 2019; x_wconf 88' lang='lat' dir='ltr'>pour</span> 
     </span>
     <span class='ocr_line' id='line_1_16' title="bbox 214 2037 1278 2101; baseline 0.002 -15"><span class='ocrx_word' id='word_1_121' title='bbox 214 2037 309 2097; x_wconf 75' lang='lat' dir='ltr'>gootsr</span> <span class='ocrx_word' id='word_1_122' title='bbox 327 2052 365 2086; x_wconf 89' lang='lat' dir='ltr'>un</span> <span class='ocrx_word' id='word_1_123' title='bbox 387 2041 506 2087; x_wconf 75' lang='lat' dir='ltr'>moment</span> <span class='ocrx_word' id='word_1_124' title='bbox 524 2038 688 2100; x_wconf 83' lang='lat' dir='ltr'>d’opnlenoe,</span> <span class='ocrx_word' id='word_1_125' title='bbox 706 2042 879 2101; x_wconf 75' lang='lat' dir='ltr'>emprunient</span> <span class='ocrx_word' id='word_1_126' title='bbox 899 2038 916 2090; x_wconf 69' lang='grc' dir='ltr'><strong>ὖ</strong></span> <span class='ocrx_word' id='word_1_127' title='bbox 935 2055 973 2089; x_wconf 85' lang='lat' dir='ltr'>un</span> <span class='ocrx_word' id='word_1_128' title='bbox 992 2037 1158 2089; x_wconf 72' lang='lat' dir='ltr'>isnxelevez</span> <span class='ocrx_word' id='word_1_129' title='bbox 1176 2053 1278 2089; x_wconf 80' lang='lat' dir='ltr'>nomme</span> 
     </span>
     <span class='ocr_line' id='line_1_17' title="bbox 214 2118 1278 2186; baseline 0.002 -18"><span class='ocrx_word' id='word_1_130' title='bbox 214 2119 325 2179; x_wconf 77' lang='lat' dir='ltr'>senx-oi,</span> <span class='ocrx_word' id='word_1_131' title='bbox 337 2119 371 2169; x_wconf 93' lang='lat' dir='ltr'>ils</span> <span class='ocrx_word' id='word_1_132' title='bbox 382 2118 508 2170; x_wconf 72' lang='lat' dir='ltr'>anhelent</span> <span class='ocrx_word' id='word_1_133' title='bbox 518 2120 581 2170; x_wconf 84' lang='lat' dir='ltr'>oher</span> <span class='ocrx_word' id='word_1_134' title='bbox 592 2121 650 2170; x_wconf 84' lang='lat' dir='ltr'>leur</span> <span class='ocrx_word' id='word_1_135' title='bbox 661 2120 791 2171; x_wconf 67' lang='lat' dir='ltr'>bien-sire</span> <span class='ocrx_word' id='word_1_136' title='bbox 802 2121 892 2171; x_wconf 79' lang='lat' dir='ltr'>aoluel</span> <span class='ocrx_word' id='word_1_137' title='bbox 906 2121 1055 2186; x_wconf 85' lang='lat' dir='ltr'>(puisqn’ils</span> <span class='ocrx_word' id='word_1_138' title='bbox 1068 2121 1178 2184; x_wconf 78' lang='lat' dir='ltr'>perdent</span> <span class='ocrx_word' id='word_1_139' title='bbox 1189 2122 1278 2170; x_wconf 68' lang='lat' dir='ltr'>toules</span> 
     </span>
     <span class='ocr_line' id='line_1_18' title="bbox 214 2201 1278 2266; baseline 0.001 -16"><span class='ocrx_word' id='word_1_140' title='bbox 214 2202 285 2251; x_wconf 86' lang='lat' dir='ltr'>leurs</span> <span class='ocrx_word' id='word_1_141' title='bbox 295 2202 474 2265; x_wconf 75' lang='lat' dir='ltr'>possessione),</span> <span class='ocrx_word' id='word_1_142' title='bbox 485 2206 513 2252; x_wconf 78' lang='lat' dir='ltr'>ei</span> <span class='ocrx_word' id='word_1_143' title='bbox 524 2203 545 2252; x_wconf 90' lang='lat' dir='ltr'>il</span> <span class='ocrx_word' id='word_1_144' title='bbox 553 2206 593 2253; x_wconf 75' lang='lat' dir='ltr'>est</span> <span class='ocrx_word' id='word_1_145' title='bbox 602 2201 618 2252; x_wconf 74' lang='lat' dir='ltr'>e</span> <span class='ocrx_word' id='word_1_146' title='bbox 626 2203 746 2253; x_wconf 79' lang='lat' dir='ltr'>orsindrs</span> <span class='ocrx_word' id='word_1_147' title='bbox 756 2218 808 2266; x_wconf 87' lang='lat' dir='ltr'>que</span> <span class='ocrx_word' id='word_1_148' title='bbox 819 2218 921 2253; x_wconf 88' lang='lat' dir='ltr'>oomme</span> <span class='ocrx_word' id='word_1_149' title='bbox 932 2219 984 2253; x_wconf 87' lang='lat' dir='ltr'>eux</span> <span class='ocrx_word' id='word_1_150' title='bbox 995 2203 1073 2265; x_wconf 68' lang='lat' dir='ltr'>tussi,</span> <span class='ocrx_word' id='word_1_151' title='bbox 1083 2204 1117 2253; x_wconf 89' lang='lat' dir='ltr'>ils</span> <span class='ocrx_word' id='word_1_152' title='bbox 1125 2218 1158 2253; x_wconf 90' lang='lat' dir='ltr'>ne</span> <span class='ocrx_word' id='word_1_153' title='bbox 1167 2202 1278 2265; x_wconf 75' lang='lat' dir='ltr'>perdent</span> 
     </span>
     <span class='ocr_line' id='line_1_19' title="bbox 214 2282 1054 2348; baseline 0.005 -16"><span class='ocrx_word' id='word_1_154' title='bbox 214 2282 298 2335; x_wconf 68' lang='lat' dir='ltr'>meme</span> <span class='ocrx_word' id='word_1_155' title='bbox 309 2284 367 2334; x_wconf 85' lang='lat' dir='ltr'>leur</span> <span class='ocrx_word' id='word_1_156' title='bbox 379 2299 473 2348; x_wconf 87' lang='lat' dir='ltr'>propre</span> <span class='ocrx_word' id='word_1_157' title='bbox 484 2286 652 2348; x_wconf 71' lang='lat' dir='ltr'>patrimoins,</span> <span class='ocrx_word' id='word_1_158' title='bbox 661 2284 827 2347; x_wconf 59' lang='lat' dir='ltr'>&amp;esi-noire,</span> <span class='ocrx_word' id='word_1_159' title='bbox 845 2286 903 2336; x_wconf 84' lang='lat' dir='ltr'>leur</span> <span class='ocrx_word' id='word_1_160' title='bbox 914 2286 1054 2337; x_wconf 75' lang='lat' dir='ltr'>terriioire.</span> 
     </span>
    </p>

    <p class='ocr_par' dir='ltr' id='par_1_4' title="bbox 213 2363 1278 2596">
     <span class='ocr_line' id='line_1_20' title="bbox 246 2363 1276 2433; baseline -0.002 -15"><span class='ocrx_word' id='word_1_161' title='bbox 246 2363 277 2418; x_wconf 76' lang='lat'>2.</span> <span class='ocrx_word' id='word_1_162' title='bbox 291 2363 416 2417; x_wconf 80' lang='grc' dir='ltr'><em>Ἀπαντα</em></span> <span class='ocrx_word' id='word_1_163' title='bbox 431 2364 498 2432; x_wconf 83' lang='grc' dir='ltr'><em>πρὸς</em></span> <span class='ocrx_word' id='word_1_164' title='bbox 509 2364 609 2433; x_wconf 76' lang='grc' dir='ltr'><em>ἡδονὴν</em></span> <span class='ocrx_word' id='word_1_165' title='bbox 621 2367 767 2433; x_wconf 85' lang='grc' dir='ltr'><em>ζητοῦντες,</em></span> <span class='ocrx_word' id='word_1_166' title='bbox 784 2368 958 2418; x_wconf 78' lang='lat' dir='ltr'>rechernhsnl</span> <span class='ocrx_word' id='word_1_167' title='bbox 978 2371 1067 2419; x_wconf 72' lang='lat' dir='ltr'>toules</span> <span class='ocrx_word' id='word_1_168' title='bbox 1085 2368 1124 2417; x_wconf 88' lang='lat' dir='ltr'>les</span> <span class='ocrx_word' id='word_1_169' title='bbox 1143 2368 1276 2417; x_wconf 78' lang='lat' dir='ltr'>oooasions</span> 
     </span>
     <span class='ocr_line' id='line_1_21' title="bbox 213 2447 1278 2515; baseline 0 -17"><span class='ocrx_word' id='word_1_170' title='bbox 213 2449 259 2511; x_wconf 87' lang='lat' dir='ltr'>qui</span> <span class='ocrx_word' id='word_1_171' title='bbox 272 2448 381 2499; x_wconf 73' lang='lat' dir='ltr'>meneni</span> <span class='ocrx_word' id='word_1_172' title='bbox 392 2464 427 2499; x_wconf 83' lang='lat' dir='ltr'>ou</span> <span class='ocrx_word' id='word_1_173' title='bbox 438 2449 530 2512; x_wconf 78' lang='lat' dir='ltr'>plaisir</span> <span class='ocrx_word' id='word_1_174' title='bbox 541 2468 546 2509; x_wconf 92' lang='lat'>;</span> <span class='ocrx_word' id='word_1_175' title='bbox 568 2451 606 2500; x_wconf 89' lang='lat' dir='ltr'>les</span> <span class='ocrx_word' id='word_1_176' title='bbox 623 2454 693 2500; x_wconf 74' lang='lat' dir='ltr'>mois</span> <span class='ocrx_word' id='word_1_177' title='bbox 704 2448 805 2500; x_wconf 85' lang='grc' dir='ltr'><em>ἅπαντα</em></span> <span class='ocrx_word' id='word_1_178' title='bbox 816 2448 884 2514; x_wconf 81' lang='grc' dir='ltr'><em>πρὸς</em></span> <span class='ocrx_word' id='word_1_179' title='bbox 895 2447 995 2515; x_wconf 81' lang='grc' dir='ltr'><em>ἧθονῆν</em></span> <span class='ocrx_word' id='word_1_180' title='bbox 1007 2450 1126 2500; x_wconf 75' lang='lat' dir='ltr'>forment</span> <span class='ocrx_word' id='word_1_181' title='bbox 1142 2464 1195 2499; x_wconf 89' lang='lat' dir='ltr'>une</span> <span class='ocrx_word' id='word_1_182' title='bbox 1206 2450 1278 2498; x_wconf 87' lang='lat' dir='ltr'>seule</span> 
     </span>
     <span class='ocr_line' id='line_1_22' title="bbox 214 2532 817 2596; baseline 0.005 -16"><span class='ocrx_word' id='word_1_183' title='bbox 214 2532 364 2593; x_wconf 86' lang='lat' dir='ltr'>expression</span> <span class='ocrx_word' id='word_1_184' title='bbox 378 2549 384 2581; x_wconf 91' lang='lat'>:</span> <span class='ocrx_word' id='word_1_185' title='bbox 395 2534 456 2582; x_wconf 76' lang='lat' dir='ltr'>tout</span> <span class='ocrx_word' id='word_1_186' title='bbox 467 2548 497 2583; x_wconf 85' lang='lat' dir='ltr'>oe</span> <span class='ocrx_word' id='word_1_187' title='bbox 507 2534 553 2595; x_wconf 87' lang='lat' dir='ltr'>qui</span> <span class='ocrx_word' id='word_1_188' title='bbox 566 2548 582 2582; x_wconf 81' lang='lat' dir='ltr'>e</span> <span class='ocrx_word' id='word_1_189' title='bbox 593 2533 704 2583; x_wconf 75' lang='lat' dir='ltr'>troilon</span> <span class='ocrx_word' id='word_1_190' title='bbox 716 2533 817 2596; x_wconf 79' lang='lat' dir='ltr'>plaisir.</span> 
     </span>
    </p>

    <p class='ocr_par' dir='ltr' id='par_1_5' title="bbox 215 2611 1277 2763">
     <span class='ocr_line' id='line_1_23' title="bbox 250 2611 1277 2681; baseline -0.003 -15"><span class='ocrx_word' id='word_1_191' title='bbox 250 2612 281 2668; x_wconf 75' lang='lat'>8.</span> <span class='ocrx_word' id='word_1_192' title='bbox 299 2612 393 2666; x_wconf 83' lang='grc' dir='ltr'><em>Ποιεῖν</em></span> <span class='ocrx_word' id='word_1_193' title='bbox 418 2617 456 2676; x_wconf 76' lang='lat' dir='ltr'>(et</span> <span class='ocrx_word' id='word_1_194' title='bbox 477 2630 531 2664; x_wconf 87' lang='lat' dir='ltr'>non</span> <span class='ocrx_word' id='word_1_195' title='bbox 553 2619 599 2665; x_wconf 84' lang='grc' dir='ltr'><em>τοῦ</em></span> <span class='ocrx_word' id='word_1_196' title='bbox 622 2615 715 2681; x_wconf 83' lang='grc' dir='ltr'><em>ποιεῖν)</em></span> <span class='ocrx_word' id='word_1_197' title='bbox 742 2615 844 2679; x_wconf 76' lang='grc' dir='ltr'><em>ᾱέρεαᾱ</em></span> <span class='ocrx_word' id='word_1_198' title='bbox 866 2616 899 2666; x_wconf 86' lang='lat' dir='ltr'>de</span> <span class='ocrx_word' id='word_1_199' title='bbox 923 2615 1093 2678; x_wconf 89' lang='lat' dir='ltr'>l’expression</span> <span class='ocrx_word' id='word_1_200' title='bbox 1116 2613 1216 2664; x_wconf 71' lang='lat' dir='ltr'>eniisre</span> <span class='ocrx_word' id='word_1_201' title='bbox 1241 2611 1277 2669; x_wconf 84' lang='grc' dir='ltr'><em>εἰς</em></span> 
     </span>
     <span class='ocr_line' id='line_1_24' title="bbox 215 2692 924 2763; baseline 0.004 -18"><span class='ocrx_word' id='word_1_202' title='bbox 215 2692 333 2762; x_wconf 84' lang='grc' dir='ltr'><em>ἀνάγκην</em></span> <span class='ocrx_word' id='word_1_203' title='bbox 344 2694 469 2762; x_wconf 79' lang='grc' dir='ltr'><em>ἔλθωμεν</em></span> <span class='ocrx_word' id='word_1_204' title='bbox 479 2698 525 2760; x_wconf 91' lang='lat' dir='ltr'>qui</span> <span class='ocrx_word' id='word_1_205' title='bbox 536 2696 664 2760; x_wconf 77' lang='lat' dir='ltr'>equivsnl</span> <span class='ocrx_word' id='word_1_206' title='bbox 675 2696 691 2747; x_wconf 72' lang='lat' dir='ltr'>e</span> <span class='ocrx_word' id='word_1_207' title='bbox 703 2695 924 2763; x_wconf 83' lang='grc' dir='ltr'><em>ἀναγκασθῶμεν.</em></span> 
     </span>
    </p>

    <p class='ocr_par' dir='ltr' id='par_1_6' title="bbox 214 2775 1277 3006">
     <span class='ocr_line' id='line_1_25' title="bbox 248 2775 1275 2843; baseline -0.005 -11"><span class='ocrx_word' id='word_1_208' title='bbox 248 2775 280 2832; x_wconf 80' lang='grc'>4.</span> <span class='ocrx_word' id='word_1_209' title='bbox 301 2779 333 2827; x_wconf 90' lang='lat' dir='ltr'>D.</span> <span class='ocrx_word' id='word_1_210' title='bbox 346 2795 362 2829; x_wconf 80' lang='lat' dir='ltr'>a</span> <span class='ocrx_word' id='word_1_211' title='bbox 374 2778 473 2842; x_wconf 77' lang='lat' dir='ltr'>prouve</span> <span class='ocrx_word' id='word_1_212' title='bbox 493 2780 539 2842; x_wconf 62' lang='grc' dir='ltr'>(ξς</span> <span class='ocrx_word' id='word_1_213' title='bbox 551 2781 619 2839; x_wconf 83' lang='grc'>2-15)</span> <span class='ocrx_word' id='word_1_214' title='bbox 639 2780 705 2842; x_wconf 85' lang='lat' dir='ltr'>qu’il</span> <span class='ocrx_word' id='word_1_215' title='bbox 718 2780 780 2830; x_wconf 73' lang='lat' dir='ltr'>isui</span> <span class='ocrx_word' id='word_1_216' title='bbox 796 2784 885 2843; x_wconf 85' lang='lat' dir='ltr'>porler</span> <span class='ocrx_word' id='word_1_217' title='bbox 902 2794 1006 2830; x_wconf 83' lang='lat' dir='ltr'>seoours</span> <span class='ocrx_word' id='word_1_218' title='bbox 1025 2794 1079 2829; x_wconf 83' lang='lat' dir='ltr'>oux</span> <span class='ocrx_word' id='word_1_219' title='bbox 1099 2779 1275 2841; x_wconf 71' lang='lat' dir='ltr'>Olynthiens;</span> 
     </span>
     <span class='ocr_line' id='line_1_26' title="bbox 215 2859 1277 2924; baseline -0.001 -14"><span class='ocrx_word' id='word_1_220' title='bbox 215 2860 282 2910; x_wconf 79' lang='lat' dir='ltr'>meis</span> <span class='ocrx_word' id='word_1_221' title='bbox 292 2862 380 2923; x_wconf 84' lang='lat' dir='ltr'>quelle</span> <span class='ocrx_word' id='word_1_222' title='bbox 391 2861 481 2924; x_wconf 74' lang='lat' dir='ltr'>espeoe</span> <span class='ocrx_word' id='word_1_223' title='bbox 492 2862 524 2911; x_wconf 90' lang='lat' dir='ltr'>de</span> <span class='ocrx_word' id='word_1_224' title='bbox 536 2876 639 2911; x_wconf 83' lang='lat' dir='ltr'>sesours</span> <span class='ocrx_word' id='word_1_225' title='bbox 653 2861 695 2923; x_wconf 77' lang='lat'>(§§</span> <span class='ocrx_word' id='word_1_226' title='bbox 710 2861 796 2923; x_wconf 82' lang='grc'>16-18)</span> <span class='ocrx_word' id='word_1_227' title='bbox 804 2862 897 2912; x_wconf 78' lang='lat' dir='ltr'>lsul·il</span> <span class='ocrx_word' id='word_1_228' title='bbox 908 2875 1022 2924; x_wconf 84' lang='lat' dir='ltr'>envoyer</span> <span class='ocrx_word' id='word_1_229' title='bbox 1035 2863 1062 2910; x_wconf 76' lang='lat' dir='ltr'>ei</span> <span class='ocrx_word' id='word_1_230' title='bbox 1074 2859 1109 2910; x_wconf 72' lang='lat' dir='ltr'>on</span> <span class='ocrx_word' id='word_1_231' title='bbox 1120 2863 1277 2910; x_wconf 64' lang='lat' dir='ltr'>trouvent-t-</span> 
     </span>
     <span class='ocr_line' id='line_1_27' title="bbox 214 2941 1047 3006; baseline 0 -16"><span class='ocrx_word' id='word_1_232' title='bbox 214 2956 249 2991; x_wconf 91' lang='lat' dir='ltr'>on</span> <span class='ocrx_word' id='word_1_233' title='bbox 261 2942 299 2991; x_wconf 89' lang='lat' dir='ltr'>les</span> <span class='ocrx_word' id='word_1_234' title='bbox 307 2942 387 2992; x_wconf 80' lang='lat' dir='ltr'>fonds</span> <span class='ocrx_word' id='word_1_235' title='bbox 397 2941 554 2993; x_wconf 75' lang='lat' dir='ltr'>neeesseirss</span> <span class='ocrx_word' id='word_1_236' title='bbox 564 2943 610 3006; x_wconf 61' lang='grc' dir='ltr'>(ξς</span> <span class='ocrx_word' id='word_1_237' title='bbox 622 2945 706 3006; x_wconf 75' lang='lat' dir='ltr'>lli-20)</span> <span class='ocrx_word' id='word_1_238' title='bbox 717 2958 784 3006; x_wconf 86' lang='lat' dir='ltr'>pour</span> <span class='ocrx_word' id='word_1_239' title='bbox 795 2947 864 2994; x_wconf 77' lang='lat' dir='ltr'>cette</span> <span class='ocrx_word' id='word_1_240' title='bbox 876 2942 1028 3006; x_wconf 74' lang='lat' dir='ltr'>expedition</span> <span class='ocrx_word' id='word_1_241' title='bbox 1038 2942 1047 2990; x_wconf 83' lang='lat' dir='ltr'>l</span> 
     </span>
    </p>

    <p class='ocr_par' dir='ltr' id='par_1_7' title="bbox 213 3018 1275 3156">
     <span class='ocr_line' id='line_1_28' title="bbox 247 3018 1275 3087; baseline -0.003 -12"><span class='ocrx_word' id='word_1_242' title='bbox 247 3023 278 3076; x_wconf 65' lang='grc' dir='ltr'>ὅ.</span> <span class='ocrx_word' id='word_1_243' title='bbox 294 3020 399 3079; x_wconf 82' lang='grc' dir='ltr'><em>Παντὸς</em></span> <span class='ocrx_word' id='word_1_244' title='bbox 410 3018 485 3084; x_wconf 80' lang='grc' dir='ltr'><em>εἶναι,</em></span> <span class='ocrx_word' id='word_1_245' title='bbox 502 3025 558 3074; x_wconf 81' lang='lat' dir='ltr'>oela</span> <span class='ocrx_word' id='word_1_246' title='bbox 569 3024 721 3087; x_wconf 75' lang='lat' dir='ltr'>appartient</span> <span class='ocrx_word' id='word_1_247' title='bbox 738 3039 771 3073; x_wconf 81' lang='lat' dir='ltr'>eu</span> <span class='ocrx_word' id='word_1_248' title='bbox 789 3024 901 3086; x_wconf 86' lang='lat' dir='ltr'>premier</span> <span class='ocrx_word' id='word_1_249' title='bbox 912 3038 991 3083; x_wconf 80' lang='lat' dir='ltr'>veno,</span> <span class='ocrx_word' id='word_1_250' title='bbox 1010 3028 1050 3075; x_wconf 87' lang='lat' dir='ltr'>est</span> <span class='ocrx_word' id='word_1_251' title='bbox 1070 3038 1104 3072; x_wconf 80' lang='lat' dir='ltr'>su</span> <span class='ocrx_word' id='word_1_252' title='bbox 1116 3022 1227 3086; x_wconf 84' lang='lat' dir='ltr'>pouvoir</span> <span class='ocrx_word' id='word_1_253' title='bbox 1242 3022 1275 3072; x_wconf 86' lang='lat' dir='ltr'>de</span> 
     </span>
     <span class='ocr_line' id='line_1_29' title="bbox 213 3106 426 3156; baseline 0 -1"><span class='ocrx_word' id='word_1_254' title='bbox 213 3108 274 3155; x_wconf 73' lang='lat' dir='ltr'>tout</span> <span class='ocrx_word' id='word_1_255' title='bbox 285 3106 311 3155; x_wconf 90' lang='lat' dir='ltr'>le</span> <span class='ocrx_word' id='word_1_256' title='bbox 322 3106 426 3156; x_wconf 87' lang='lat' dir='ltr'>monde.</span> 
     </span>
    </p>

    <p class='ocr_par' dir='ltr' id='par_1_8' title="bbox 211 3184 1278 3415">
     <span class='ocr_line' id='line_1_30' title="bbox 244 3184 1277 3251; baseline -0.004 -10"><span class='ocrx_word' id='word_1_257' title='bbox 244 3184 275 3242; x_wconf 69' lang='grc' dir='ltr'>ὓ.</span> <span class='ocrx_word' id='word_1_258' title='bbox 297 3184 379 3238; x_wconf 83' lang='grc' dir='ltr'><em>Τοῦτο</em></span> <span class='ocrx_word' id='word_1_259' title='bbox 391 3186 480 3251; x_wconf 65' lang='lat' dir='ltr'>repelle</span> <span class='ocrx_word' id='word_1_260' title='bbox 498 3189 584 3249; x_wconf 78' lang='lat' dir='ltr'>sequi</span> <span class='ocrx_word' id='word_1_261' title='bbox 598 3187 715 3251; x_wconf 64' lang='lat' dir='ltr'>pesonae,</span> <span class='ocrx_word' id='word_1_262' title='bbox 734 3188 823 3238; x_wconf 75' lang='lat' dir='ltr'>iendis</span> <span class='ocrx_word' id='word_1_263' title='bbox 839 3203 891 3251; x_wconf 89' lang='lat' dir='ltr'>qne</span> <span class='ocrx_word' id='word_1_264' title='bbox 909 3191 985 3239; x_wconf 80' lang='grc' dir='ltr'><em>τοῦτο</em></span> <span class='ocrx_word' id='word_1_265' title='bbox 997 3190 1096 3239; x_wconf 78' lang='lat' dir='ltr'>deveni</span> <span class='ocrx_word' id='word_1_266' title='bbox 1107 3186 1146 3237; x_wconf 80' lang='grc' dir='ltr'>ὅτι</span> <span class='ocrx_word' id='word_1_267' title='bbox 1157 3202 1277 3238; x_wconf 78' lang='lat' dir='ltr'>ennonoe</span> 
     </span>
     <span class='ocr_line' id='line_1_31' title="bbox 213 3269 1278 3334; baseline 0.003 -16"><span class='ocrx_word' id='word_1_268' title='bbox 213 3269 454 3333; x_wconf 77' lang='lat' dir='ltr'>prolepoiqusment</span> <span class='ocrx_word' id='word_1_269' title='bbox 466 3285 495 3320; x_wconf 85' lang='lat' dir='ltr'>oe</span> <span class='ocrx_word' id='word_1_270' title='bbox 504 3271 549 3333; x_wconf 86' lang='lat' dir='ltr'>qni</span> <span class='ocrx_word' id='word_1_271' title='bbox 560 3270 614 3320; x_wconf 79' lang='lat' dir='ltr'>suli</span> <span class='ocrx_word' id='word_1_272' title='bbox 625 3288 631 3319; x_wconf 76' lang='grc' dir='ltr'><em>ι</em></span> <span class='ocrx_word' id='word_1_273' title='bbox 643 3271 760 3334; x_wconf 84' lang='lat' dir='ltr'>l’emploi</span> <span class='ocrx_word' id='word_1_274' title='bbox 769 3270 851 3320; x_wconf 78' lang='lat' dir='ltr'>deses</span> <span class='ocrx_word' id='word_1_275' title='bbox 860 3276 930 3320; x_wconf 80' lang='lat' dir='ltr'>mois</span> <span class='ocrx_word' id='word_1_276' title='bbox 941 3286 1008 3334; x_wconf 87' lang='lat' dir='ltr'>pour</span> <span class='ocrx_word' id='word_1_277' title='bbox 1018 3270 1134 3321; x_wconf 75' lang='lat' dir='ltr'>resumet</span> <span class='ocrx_word' id='word_1_278' title='bbox 1146 3270 1173 3320; x_wconf 83' lang='lat' dir='ltr'>le</span> <span class='ocrx_word' id='word_1_279' title='bbox 1184 3269 1278 3333; x_wconf 75' lang='lat' dir='ltr'>penses</span> 
     </span>
     <span class='ocr_line' id='line_1_32' title="bbox 211 3350 615 3415; baseline 0.002 -15"><span class='ocrx_word' id='word_1_280' title='bbox 211 3351 300 3401; x_wconf 86' lang='lat' dir='ltr'>donne</span> <span class='ocrx_word' id='word_1_281' title='bbox 309 3352 343 3402; x_wconf 84' lang='lat' dir='ltr'>de</span> <span class='ocrx_word' id='word_1_282' title='bbox 353 3352 381 3401; x_wconf 83' lang='lat' dir='ltr'>ls</span> <span class='ocrx_word' id='word_1_283' title='bbox 392 3350 476 3402; x_wconf 71' lang='lat' dir='ltr'>oleris</span> <span class='ocrx_word' id='word_1_284' title='bbox 490 3366 525 3402; x_wconf 76' lang='lat' dir='ltr'>su</span> <span class='ocrx_word' id='word_1_285' title='bbox 536 3352 615 3415; x_wconf 71' lang='lat' dir='ltr'>style.</span> 
     </span>
    </p>

    <p class='ocr_par' dir='ltr' id='par_1_9' title="bbox 212 3430 1279 3585">
     <span class='ocr_line' id='line_1_33' title="bbox 249 3430 1279 3500; baseline -0.001 -13"><span class='ocrx_word' id='word_1_286' title='bbox 249 3431 281 3487; x_wconf 84' lang='grc'>7.</span> <span class='ocrx_word' id='word_1_287' title='bbox 297 3430 343 3483; x_wconf 86' lang='grc' dir='ltr'><em>Ἐν</em></span> <span class='ocrx_word' id='word_1_288' title='bbox 355 3431 422 3500; x_wconf 80' lang='grc' dir='ltr'><em>ὀργῇ</em></span> <span class='ocrx_word' id='word_1_289' title='bbox 434 3431 562 3484; x_wconf 84' lang='grc' dir='ltr'><em>ποιεῖσθε.</em></span> <span class='ocrx_word' id='word_1_290' title='bbox 582 3433 704 3496; x_wconf 74' lang='lat' dir='ltr'>compar.</span> <span class='ocrx_word' id='word_1_291' title='bbox 725 3431 754 3485; x_wconf 77' lang='grc' dir='ltr'><em>ἐν</em></span> <span class='ocrx_word' id='word_1_292' title='bbox 771 3432 854 3499; x_wconf 78' lang='grc' dir='ltr'><em>φιλίᾳ,</em></span> <span class='ocrx_word' id='word_1_293' title='bbox 875 3430 903 3485; x_wconf 84' lang='grc' dir='ltr'><em>ἰν</em></span> <span class='ocrx_word' id='word_1_294' title='bbox 920 3431 1006 3500; x_wconf 81' lang='grc' dir='ltr'><em>ἔχθρᾳ</em></span> <span class='ocrx_word' id='word_1_295' title='bbox 1022 3433 1164 3497; x_wconf 84' lang='grc' dir='ltr'><em>ποιεῖσθαι,</em></span> <span class='ocrx_word' id='word_1_296' title='bbox 1185 3437 1279 3488; x_wconf 70' lang='lat' dir='ltr'>inaltet</span> 
     </span>
     <span class='ocr_line' id='line_1_34' title="bbox 212 3515 981 3585; baseline 0.004 -20"><span class='ocrx_word' id='word_1_297' title='bbox 212 3516 357 3585; x_wconf 81' lang='lat' dir='ltr'>quelqn&#39;un</span> <span class='ocrx_word' id='word_1_298' title='bbox 368 3531 471 3567; x_wconf 88' lang='lat' dir='ltr'>oomme</span> <span class='ocrx_word' id='word_1_299' title='bbox 482 3531 517 3566; x_wconf 89' lang='lat' dir='ltr'>on</span> <span class='ocrx_word' id='word_1_300' title='bbox 529 3515 582 3566; x_wconf 74' lang='lat' dir='ltr'>laio</span> <span class='ocrx_word' id='word_1_301' title='bbox 593 3519 668 3566; x_wconf 79' lang='lat' dir='ltr'>entre</span> <span class='ocrx_word' id='word_1_302' title='bbox 678 3517 754 3578; x_wconf 83' lang='lat' dir='ltr'>omis,</span> <span class='ocrx_word' id='word_1_303' title='bbox 766 3525 841 3567; x_wconf 78' lang='lat' dir='ltr'>entre</span> <span class='ocrx_word' id='word_1_304' title='bbox 852 3518 981 3568; x_wconf 89' lang='lat' dir='ltr'>ennemis.</span> 
     </span>
    </p>

    <p class='ocr_par' dir='ltr' id='par_1_10' title="bbox 213 3595 1277 3746">
     <span class='ocr_line' id='line_1_35' title="bbox 245 3595 1277 3660; baseline -0.002 -7"><span class='ocrx_word' id='word_1_305' title='bbox 245 3596 277 3653; x_wconf 75' lang='lat'>⁸.</span> <span class='ocrx_word' id='word_1_306' title='bbox 293 3595 520 3650; x_wconf 80' lang='grc' dir='ltr'><em>Ὑποστείλασθαι.</em></span> <span class='ocrx_word' id='word_1_307' title='bbox 536 3599 627 3648; x_wconf 79' lang='lat' dir='ltr'>Suros</span> <span class='ocrx_word' id='word_1_308' title='bbox 639 3602 705 3660; x_wconf 78' lang='lat' dir='ltr'>mot,</span> <span class='ocrx_word' id='word_1_309' title='bbox 717 3599 754 3649; x_wconf 79' lang='lat' dir='ltr'>of.</span> <span class='ocrx_word' id='word_1_310' title='bbox 768 3599 841 3650; x_wconf 88' lang='lat' dir='ltr'>Phil.</span> <span class='ocrx_word' id='word_1_311' title='bbox 852 3599 874 3659; x_wconf 89' lang='grc' dir='ltr'>Ι,</span> <span class='ocrx_word' id='word_1_312' title='bbox 885 3602 925 3650; x_wconf 83' lang='lat'>51.</span> <span class='ocrx_word' id='word_1_313' title='bbox 942 3599 1060 3651; x_wconf 63' lang='lat' dir='ltr'>constr:</span> <span class='ocrx_word' id='word_1_314' title='bbox 1072 3597 1277 3652; x_wconf 78' lang='grc' dir='ltr'><em>ὑποστείλασθαι</em></span> 
     </span>
     <span class='ocr_line' id='line_1_36' title="bbox 213 3678 702 3746; baseline 0.002 -16"><span class='ocrx_word' id='word_1_315' title='bbox 213 3678 273 3746; x_wconf 78' lang='grc' dir='ltr'><em>περὶ</em></span> <span class='ocrx_word' id='word_1_316' title='bbox 291 3679 392 3732; x_wconf 76' lang='grc' dir='ltr'><em>τούτων</em></span> <span class='ocrx_word' id='word_1_317' title='bbox 407 3679 423 3730; x_wconf 81' lang='grc' dir='ltr'><em>ά</em></span> <span class='ocrx_word' id='word_1_318' title='bbox 440 3678 503 3746; x_wconf 78' lang='grc' dir='ltr'><em>ὑμῖν</em></span> <span class='ocrx_word' id='word_1_319' title='bbox 520 3678 702 3746; x_wconf 69' lang='grc' dir='ltr'><em>συμφέρειν...</em></span> 
     </span>
    </p>
   </div>
   <div class='ocr_carea' id='block_1_4' title="bbox 0 0 1522 4522">
    <p class='ocr_par' dir='ltr' id='par_1_11' title="bbox 0 0 1522 4522">
     <span class='ocr_line' id='line_1_37' title="bbox 0 0 1522 4522; baseline 0 0"><span class='ocrx_word' id='word_1_320' title='bbox 0 0 1522 4522; x_wconf 95' lang='lat' dir='ltr'> </span> 
     </span>
    </p>
   </div>
  </div>
 </body>
</html>
