3036 4522
236 275 299 326 148
611 270 658 324 ΟΛ
665 271 863 325 ΥΝΘΙΑΚΟΣ
878 274 910 323 I'.

234 392 280 464 δι’
300 392 438 464 ἔνδειαν
457 392 600 489 ἀνάγκῃ
624 419 655 464 τι
674 401 789 465 ποιεῖν
806 392 958 488 αἰσχρὸν
977 393 1298 489 ἀπηλλαγμένος·1

235 506 423 603 συμβαίνει
450 533 481 579 τι
505 516 667 579 τοιοῦτον
684 508 762 579 οἷον
786 506 908 579 καὶτὰ
932 508 1038 579 νῦν.2
1062 509 1298 605 στρατιώτης3

136 704 137 707 ¹
235 622 343 705 αὐτὸς
372 622 548 718 ὑπάρχων
580 622 653 693 άπδ
680 630 752 694 τῶν
782 624 902 694 αὐτῶν
925 621 1059 694 τούτων
1088 623 1294 718 λημμάτων,

235 739 356 832 ὥσπερ
385 736 456 809 ἐστὶ
482 737 623 809 δίκαιον
648 735 741 829 ὑπὲρ
766 745 831 832 τῆς
855 737 1041 831 πατρίδος·
1071 738 1141 808 ἔστι
1160 764 1211 819 τις
1228 738 1299 823 ἔξω

234 862 298 949 τῆς
311 852 476 948 ἡλικίας4
491 853 612 946 ὑμῶν·
629 851 683 923 ὅσ’
699 852 805 933 οὗτος
822 851 1003 932 οἷτάκτωςὅ
1020 859 1086 923 νῦν
1103 851 1300 947 λαμβάνων

234 969 304 1040 οὐκ
336 968 474 1062 ὠφελεῖ,
510 966 606 1038 ταῦτ’
640 967 678 1038 ἑν
711 969 769 1062 ἴσῃ
801 967 920 1048 τάξει6
962 967 1160 1061 λαμβάνων
1197 967 1298 1050 πάντ’

186 1092 217 1139 3⁵
235 1083 380 1178 ε’φοροῖν
408 1081 469 1154 καὶ
499 1080 671 1164 διοικῶν7
700 1082 724 1152 ά
754 1080 826 1176 χρὴ
849 1080 1076 1172 πράττεσδαι.
1096 1080 1240 1162 Ὅλως8
1264 1081 1297 1152 δ’

236 1199 310 1269 οὔτ’
341 1195 486 1292 ἀφελὼν
504 1197 586 1268 οὔτε
607 1196 805 1290 προσδεῖς9
829 1194 925 1290 πλὴν
944 1203 1094 1289 μικροῖν,
1122 1195 1188 1291 τὴν
1216 1197 1299 1267 ἄτα-

236 1313 314 1395 ξίαν
328 1311 355 1348 ¹⁰
391 1308 528 1383 ἀνελὼν
559 1315 609 1393 εἰς
642 1312 739 1394 τάξιν
774 1314 916 1407 ἤγαγον
929 1311 956 1348 1¹
990 1310 1055 1405 τὴν
1086 1310 1200 1396 πόλιν,
1234 1309 1300 1405 τὴν

236 1427 349 1523 αὐτὴν
362 1428 389 1465 1²
415 1434 480 1497 τοῦ
504 1426 637 1521 λαβεῖν,
666 1434 729 1498 τοῦ
746 1424 1009 1520 στρατεύεσθαι,
1038 1433 1103 1495 τοῦ
1132 1424 1297 1513 δικάζειν,

258 1686 260 1692 ,
271 1631 294 1685 Ι.
310 1626 527 1696 Ἀπηλλαγμένος
541 1629 584 1694 (=
592 1626 624 1680 ἂν
635 1627 834 1695 ἀπηλλαγμένος
847 1625 881 1694 ᾖ,·
892 1629 977 1679 meme
988 1643 1126 1691 remarque
1137 1643 1204 1691 pour
1215 1625 1299 1693 ὑπάρ-

236 1731 294 1779 χων
306 1716 334 1763 ot
345 1714 414 1763 ταῦτ’
433 1709 461 1763 ἐν
478 1710 521 1777 ἴσῃ
542 1709 614 1771 τάξει
625 1709 770 1777 λαμβάνων
787 1712 833 1774 qui
856 1711 975 1774 suivent)
995 1714 1041 1760 τοῦ
1057 1714 1150 1772 ποιεῖν,
1169 1709 1299 1759 affranohi

235 1796 268 1846 de
279 1797 445 1846 oommettre.

239 1938 245 1944 ‚
269 1875 291 1931 2
323 1874 360 1927 Τὰ
376 1881 424 1927 νῦν
433 1900 465 1918 =
473 1882 529 1928 νῦν.

270 1957 302 2013 8.
321 1956 498 2025 Στρατιώτης.
511 1960 601 2008 Avunt
612 1975 641 2009 oe
653 1963 717 2020 mot,
729 1959 817 2023 suppl.
830 1956 943 2024 βελτίων
960 1955 1039 2007 ἔσται.

269 2039 299 2095 4.
314 2040 393 2100 Ἔξω
411 2046 456 2106 τῆς
474 2039 586 2107 ἡλικίας,
598 2057 632 2090 uu
642 2040 703 2091 deu
713 2042 746 2091 de
757 2042 877 2108 soixante
888 2056 936 2090 ens
947 2057 952 2099 ;
971 2040 1008 2089 of.
1021 2039 1082 2103 plus
1093 2038 1168 2099 haut,
1182 2038 1196 2100 ξ
1210 2040 1224 2086 4
1236 2052 1299 2087 aveo

236 2126 368 2187 loe-notes,
381 2127 408 2173 ot
419 2123 534 2183 01.1‚28
546 2140 551 2172 :
563 2120 663 2188 ἡλικίᾳ,
674 2126 702 2172 et
710 2124 737 2172 lu
748 2125 820 2173 note.

270 2206 300 2259 Ε.
316 2203 466 2267 Ἀτάκτως,
486 2203 722 2266 irregulitrement,
742 2204 869 2267 puiequ’il
886 2219 920 2254 ne
936 2205 1001 2253 rond
1021 2218 1054 2254 on
1073 2202 1191 2263 &change
1209 2215 1296 2251 auoun

236 2288 335 2338 service
346 2285 362 2336 δ,
373 2287 465 2336 l'Etot.
785 2280 787 2283 ’

271 2369 301 2425 Β.
317 2367 368 2419 Ἐν
380 2367 423 2434 ἴσῃ
436 2366 506 2428 τάξει
519 2370 619 2432 (suppl.
640 2383 742 2418 comme
761 2368 822 2431 plus
842 2368 908 2418 haut
925 2365 1038 2433 βελτίων
1049 2364 1140 2433 ἔσται),
1159 2382 1194 2416 uu
1211 2364 1296 2415 meme

237 2453 301 2503 titre
314 2456 374 2514 (que
385 2453 410 2501 le
420 2452 525 2514 oitoyen
534 2449 624 2500 enrole
635 2465 736 2499 oomme
748 2450 851 2511 soldat),
863 2449 960 2513 oppone
970 2449 987 2499 ὲ
998 2446 1127 2505 ἀτάκτως.

271 2532 303 2588 7.
320 2532 404 2585 Πάντ’
416 2531 525 2598 ἐφορῶν
537 2530 583 2583 καὶ
595 2531 714 2593 διοικῶν,
732 2547 773 2582 ces
786 2535 856 2582 mots
867 2532 1023 2596 expliquont
1040 2530 1068 2582 ἐν
1085 2529 1128 2596 ἴσῃ
1146 2528 1217 2591 τάξει
1233 2529 1299 2594 λοιμ-

236 2614 337 2683 βάνων.

270 2698 302 2753 8.
314 2696 410 2759 Ὅλως,
428 2698 508 2747 d’une
518 2695 635 2747 muniere
645 2695 775 2757 generale.

273 2778 305 2836 9.
327 2777 388 2832 Οῧτ’
406 2776 515 2844 ἀφελὼν
535 2775 595 2828 οὕτε
611 2775 738 2843 προσδεῖς
756 2775 825 2844 πλὴν
841 2781 958 2843 μικρῶν,
970 2794 1030 2829 sano
1042 2779 1264 2830 rienrotrunchor
1275 2783 1303 2830 et

239 2879 300 2914 suns
311 2864 369 2913 rien
380 2863 483 2925 ajouter
495 2865 560 2924 (aux
570 2876 716 2911 ressouroos
723 2861 756 2911 de
765 2861 874 2923 l’Etot);
888 2862 919 2911 D.
931 2865 996 2911 veut
1006 2861 1063 2910 diro
1074 2876 1125 2923 que
1136 2861 1175 2911 leo
1186 2877 1301 2911 mesurae

237 2946 304 3009 qu’il
315 2959 425 3009 propoee
435 2959 469 2994 no
480 2945 644 3004 ohungeront
656 2944 713 2993 rien
726 2971 757 2980 -
769 2941 785 2992 ὲ
797 2958 848 3006 peu
860 2943 892 2993 de
903 2942 981 3003 ohose
993 2942 1052 3006 pros
1065 2971 1094 2980 -
1107 2942 1124 2992 δ
1135 2943 1162 2993 lo
1173 2943 1301 2994 situation

239 3026 379 3078 finanoiore
387 3027 419 3077 de
427 3026 455 3076 lo
463 3024 627 3088 republiquo.

273 3109 318 3163 10.
334 3107 471 3168 Ἀταξίαν.
481 3108 601 3171 Compar.
614 3109 674 3171 plus
685 3108 784 3170 Μαάθ
798 3110 828 3157 34
840 3124 845 3156 :
857 3105 987 3162 ἀτάκτως.

274 3192 312 3246 ΙΙ.
326 3189 453 3257 Ἤγαγον,
469 3190 514 3253 j‘ui
525 3188 640 3251 tamone,
660 3205 762 3240 oomme
773 3190 795 3238 si
815 3190 842 3238 la
853 3204 956 3240 mesure
972 3189 1038 3252 qu'il
1050 3189 1124 3239 vient
1134 3190 1167 3239 de
1178 3204 1302 3252 propoeer

239 3275 305 3325 dane
316 3289 345 3323 oe
357 3274 475 3323 disoours
491 3272 565 3321 aveir
580 3270 641 3337 deit
656 3272 764 3335 produit
780 3272 825 3321 dou
843 3270 977 3322 resultuts.
994 3271 1121 3322 L’ooriete
1133 3266 1206 3321 εἶπον
1217 3271 1263 3334 qui
1275 3285 1303 3321 so

239 3360 333 3406 trouve
344 3356 406 3418 plut
417 3354 464 3404 buo
475 3353 618 3417 s'explique
628 3354 661 3403 de
672 3353 765 3403 mfimo.

251 3497 254 3501 ἵ
274 3434 320 3491 12.
342 3435 395 3502 Τὴν
407 3433 530 3501 αὐτὴν...
544 3433 616 3495 τάξιν
626 3435 746 3501 ποιήσας.
760 3436 831 3487 Pour
839 3435 924 3498 rideo,
935 3452 962 3486 v.
972 3436 1081 3497 01.1‚20
1092 3453 1097 3484 :
1107 3433 1171 3500 μίαν
1182 3433 1304 3494 σύνταξιν

240 3515 305 3570 εἶναι
317 3517 365 3585 τὴν
377 3516 459 3584 αὐτὴν
471 3522 516 3568 τοῦ
530 3535 557 3568 τε
568 3515 711 3584 λαμβάνειν
722 3516 769 3569 καὶ
780 3523 826 3569 τοῦ
837 3524 922 3569 ποιεῖν
931 3516 962 3569 τὰ
972 3517 1072 3570 δέοντο.
1082 3545 1113 3555 -
1127 3517 1152 3570 Τ
1147 3515 1212 3580 άξις,
1223 3518 1303 3580 reglau,

239 3603 390 3664 tandiuque
401 3602 462 3665 plus
473 3601 540 3651 haut
556 3598 593 3657 εἷς
604 3599 676 3661 τάξιν
687 3598 785 3668 ἤγαγον
796 3603 900 3663 signifie
911 3618 917 3652 z
937 3602 982 3667 J'ai
995 3601 1101 3653 romono
1116 3603 1182 3659 dom
1200 3603 1304 3663 lurore,

237 3685 304 3734 dune
315 3699 362 3734 son
373 3682 430 3734 etat
441 3684 553 3733 normal.
